@InProceedings{Amstel+11,
  author   = {Marcel Amstel and Steven Bosems and Ivan Kurtev and Lu{\'i}s Ferreira Pires},
  title    = {Performance in Model Transformations: Experiments with {ATL} and {QVT}},
  pages    = {198--212},
  doi      = {10.1007/978-3-642-21732-6_14},
  url      = {http://dx.doi.org/10.1007/978-3-642-21732-6_14},
  crossref = {Proc_ICMT11},
}

@Proceedings{Proc_ICMT11,
  editor    = {Jordi Cabot and Eelco Visser},
  booktitle = {Proc. 4th Int'l Conf. Theory and Practice of Model Transformations (ICMT'11)},
  title     = {Proc. 4th Int'l Conf. Theory and Practice of Model Transformations (ICMT'11)},
  publisher = {Springer Berlin Heidelberg},
  year      = 2011,
  isbn      = {978-3-642-21732-6},
}

@Article{Meszaros2010,
  author = {Tam{\'a}s M{\'e}sz{\'a}ros and Gergely Mezei and Tiham{\'e}r Levendovszky and M{\'a}rk Asztalos},
  title  = {Manual and automated performance optimization of model transformation systems},
  pages   = {231--243},
  doi     = {10.1007/s10009-010-0151-0},
  url     = {http://dx.doi.org/10.1007/s10009-010-0151-0},
  journal = {International Journal on Software Tools for Technology Transfer},
  year    = 2010,
  volume  = 12,
  number  = 3,
  issn    = {1433-2787},
}

@InProceedings{Langer+14,
  author = {Philip Langer and Tanja Mayerhofer and Gerti Kappel},
  title  = {Semantic Model Differencing Utilizing Behavioral Semantics Specifications},
  pages  = {116--132},
  doi    = {10.1007/978-3-319-11653-2_8},
  url    = {http://dx.doi.org/10.1007/978-3-319-11653-2_8},
  crossref = {Proc_MODELS14},
}

@Proceedings{Proc_MODELS14,
  editor    = {Juergen Dingel and Wolfram Schulte and Isidro Ramos and Silvia Abrah{\~a}o and Emilio Insfran},
  booktitle = {Proc. 17th Int'l Conf. Model-Driven Engineering Languages and Systems (MODELS'14)},
  title     = {Proc. 17th Int'l Conf. Model-Driven Engineering Languages and Systems (MODELS'14)},
  year      = 2014,
  publisher = {Springer International Publishing},
  isbn      = {978-3-319-11653-2},
}

@InCollection{Maoz+10,
  author    = {Shahar Maoz and Jan Oliver Ringert and Bernhard Rumpe},
  title     = {A Manifesto for Semantic Model Differencing},
  pages     = {194--203},
  doi       = {10.1007/978-3-642-21210-9_19},
  url       = {http://dx.doi.org/10.1007/978-3-642-21210-9_19},
  editor    = {Juergen Dingel and Arnor Solberg},
  booktitle = {Models in Software Engineering: Workshops and Symposia at MODELS 2010, Reports and Revised Selected Papers},
  year      = 2011,
  publisher = {Springer Berlin Heidelberg},
  isbn      = {978-3-642-21210-9},
}

@InProceedings{Kolovos+09b,
  author   = {Dimitrios S. Kolovos and Davide Di Ruscio and Alfonso Pierantonio and Richard F. Paige},
  title    = {Different Models for Model Matching: An Analysis of Approaches to Support Model Differencing},
  pages    = {1--6},
  numpages = 6,
  url      = {http://dx.doi.org/10.1109/CVSM.2009.5071714},
  doi      = {10.1109/CVSM.2009.5071714},
  acmid    = 1564641,
  crossref = {Proc_CVSM09},
}

@Proceedings{Proc_CVSM09,
  booktitle = {Proc. ICSE Workshop on Comparison and Versioning of Software Models (CVSM'09)},
  year      = 2009,
  isbn      = {978-1-4244-3714-6},
  publisher = {IEEE Computer Society},
}

@InProceedings{Kolovos09,
  author = {Dimitrios S. Kolovos},
  title  = {Establishing Correspondences between Models with the Epsilon Comparison Language},
  pages  = {146--157},
  doi    = {10.1007/978-3-642-02674-4_11},
  url    = {http://dx.doi.org/10.1007/978-3-642-02674-4_11},
  crossref = {Proc_ECMDAFA09},
}

@Article{Jackson02,
  author    = {Daniel Jackson},
  title     = {Alloy: A Lightweight Object Modelling Notation},
  pages     = {256--290},
  numpages  = 35,
  url       = {http://doi.acm.org/10.1145/505145.505149},
  doi       = {10.1145/505145.505149},
  acmid     = 505149,
  journal   = {ACM Trans. Softw. Eng. Methodol.},
  volume    = 11,
  number    = 2,
  month     = apr,
  year      = 2002,
  issn      = {1049-331X},
  publisher = {ACM},
}

@InProceedings{Sen+09,
  author = {Sagar Sen and Beno{\^i}t Baudry and Jean-Marie Mottu},
  title  = {Automatic Model Generation Strategies for Model Transformation Testing},
  pages  = {148--164},
  doi    = {10.1007/978-3-642-02408-5_11},
  url    = {http://dx.doi.org/10.1007/978-3-642-02408-5_11},
  crossref = {Proc_ICMT09},
}

@InProceedings{Sen+08,
  author   = {Sagar Sen and Beno{\^i}t Baudry and Jean-Marie Mottu},
  title    = {On Combining Multi-formalism Knowledge to Select Models for Model Transformation Testing},
  pages    = {328--337},
  doi      = {10.1109/ICST.2008.62},
  crossref = {Proc_ICSTVV08},
}

@Proceedings{Proc_ICSTVV08,
  title     = {Proc 1st Int'l Conf. Software Testing, Verification, and Validation},
  booktitle = {Proc 1st Int'l Conf. Software Testing, Verification, and Validation},
  year      = 2008,
  ISSN      = {2159-4848},
}

@Article{Deb+02,
  author  = {Kalyanmoy Deb and Amrit Pratap and Sameer Agarwal and T. Meyarivan},
  title   = {A Fast and Elitist Multiobjective Genetic Algorithm: {NSGA-II}},
  pages   = {182--197},
  doi     = {10.1109/4235.996017},
  journal = {IEEE Transactions on Evolutionary Computation},
  volume  = 6,
  number  = 2,  
  year    = 2002,
  issn    = {1089-778X},
  month   = apr,
}

@Article{HarmanJones01,
  author  = {Mark Harman and Bryan F Jones},
  title   = {Search-based Software Engineering},
  pages   = {833--839},
  doi     = {http://dx.doi.org/10.1016/S0950-5849(01)00189-6},
  url     = {http://www.sciencedirect.com/science/article/pii/S0950584901001896},
  journal = {Information and Software Technology},
  issn    = {0950-5849},
  volume  = 43,
  number  = 14,
  year    = 2001,
}

@InProceedings{Efstathiou+14b,
  author    = {Dionysios Efstathiou and James R. Williams and Steffen Zschaler},
  title     = {Crepe Complete: Multi-objective optimisation for your models},
  booktitle = {Proc. 1st Int'l Workshop on Combining Modelling with Search- and Example-Based Approaches 
               (CMSEBA'14)},
  year      = 2014,
}

@Article{Efstathiou+14,
  author  = {Dionysios Efstathiou and Peter McBurney and Steffen Zschaler and Johann Bourcier},
  title   = {Efficient Multi-Objective Optimisation of Service Compositions in Mobile Ad hoc Networks Using
             Lightweight Surrogate Models},
  journal = {JUCS},
  note    = {Special issue on WAS4FI 2013},
  volume  = 20,
  number  = 8,
  pages   = {1089--1108},
  year    = 2014,
}

@InProceedings{Fleck+15,
  author    = {Martin Fleck and Javier Troya and Manuel Wimmer},
  title     = {Marrying Search-Based Optimization and Model Transformation Technology},
  booktitle = {Proc. 1st North American Search Based Software Engineering Symposium (NasBASE'15)},
  year      = 2015,
  note      = {Preprint available at \url{http://martin-fleck.github.io/momot/downloads/NasBASE_MOMoT.pdf}},
}

@InProceedings{Drago+11,
  author = {Mauro Luigi Drago and Carlo Ghezzi and Raffaela Mirandola},
  title  = {Towards Quality Driven Exploration of Model Transformation Spaces},
  pages  = {2--16},
  doi    = {10.1007/978-3-642-24485-8_2},
  url    = {http://dx.doi.org/10.1007/978-3-642-24485-8_2},
  crossref = {Proc_MODELS11},
}

@Article{Drago+15,
  author  = {Mauro Luigi Drago and Carlo Ghezzi and Raffaela Mirandola},
  title   = {A quality driven extension to the QVT-relations transformation language},
  pages   = {1--20},
  doi     = {10.1007/s00450-011-0202-0},
  url     = {http://dx.doi.org/10.1007/s00450-011-0202-0},
  journal = {Computer Science -- Research and Development},
  volume  = 30,
  number  = 1,
  year    = 2015,
  issn    = {1865-2042},
  note    = {First online: 24 November 2011},
}

@InProceedings{Burton+12,
  author = {Frank R. Burton and Richard F. Paige and Louis M. Rose and and Dimitrios S. Kolovos and Simon Poulding and Simon Smith},
  title  = {Solving Acquisition Problems Using Model-Driven Engineering},
  pages  = {428--443},
  doi    = {10.1007/978-3-642-31491-9_32},
  url    = {http://dx.doi.org/10.1007/978-3-642-31491-9_32},
  crossref = {Proc_ECMFA12},
}

@InProceedings{BurtonPoulding13,
  author    = {Frank R. Burton and Simon Poulding},
  title     = {Complementing Metaheuristic Search with Higher Abstraction Techniques},
  pages     = {45--48},
  doi       = {10.1109/CMSBSE.2013.6604436},
  booktitle = {1st Int'l Workshop Combining Modelling and Search-Based Software Engineering (CMSBSE'13)},
  year      = 2013,
}

@InProceedings{Kessentini+13,
  author    = {Marouane Kessentini and Philip Langer and Manuel Wimmer},
  title     = {Searching Models, Modeling Search: On the Synergies of {SBSE} and {MDE}},
  pages     = {51--54},
  doi       = {10.1109/CMSBSE.2013.6604438},
  booktitle = {1st Int'l Workshop Combining Modelling and Search-Based Software Engineering (CMSBSE'13)},
  year      = 2013,
}

@InProceedings{Abdeen+14,
  author   = {Hani Abdeen and D\'{a}niel Varr\'{o} and Houari Sahraoui and Andr\'{a}s Szabolcs Nagy and Csaba Debreceni and \'{A}bel Heged\"{u}s and \'{A}kos Horv\'{a}th},
  title    = {Multi-objective Optimization in Rule-based Design Space Exploration},
  pages    = {289--300},
  numpages = 12,
  url      = {http://doi.acm.org/10.1145/2642937.2643005},
  doi      = {10.1145/2642937.2643005},
  acmid    = {2643005},
  crossref = {Proc_ASE14},
}

@Proceedings{Proc_ASE14,
  editor    = {Ivica Crnkovic and Marsha Chechik and Paul Gr{\"u}nbacher},
  booktitle = {Proc. 29th ACM/IEEE Int'l Conf. Automated Software Engineering (ASE'14)},
  isbn      = {978-1-4503-3013-8},
  publisher = {ACM},
  year      = 2014,
} 

@Proceedings{Proc_SAM14,
  editor    = {Daniel Amyot and Pau Fonseca i Casas and Gunter Mussbacher},
  booktitle = {Proc. 8th Int'l Conference System Analysis and Modeling: Models and Reusability (SAM 2014)},
  title     = {Proc. 8th Int'l Conference System Analysis and Modeling: Models and Reusability (SAM 2014)},
  year      = 2014,
  publisher = {Springer International Publishing},
  isbn      = {978-3-319-11743-0},
}

@InProceedings{Chatziprimou+14,
  author    = {Kleopatra Chatziprimou and Kevin Lano and Steffen Zschaler},
  title     = {Surrogate-Assisted Online Optimisation of Cloud IaaS Configurations},
  pages     = {138--145},
  doi       = {10.1109/CloudCom.2014.101},
  url       = {http://dx.doi.org/10.1109/CloudCom.2014.101},
  booktitle = {IEEE 6th Int'l Conf. Cloud Computing Technology and Science (CloudCom)},
  year      = 2014,
}

@InProceedings{Denil+14,
  author   = {Joachim Denil and Maris Jukss and Clark Verbrugge and Hans Vangheluwe},
  title    = {Search-Based Model Optimization using Model Transformations},
  crossref = {Proc_SAM14},
}

@Proceedings{Proc_SAM14,
  editor     = {Daniel Amyot and Gunter Mussbacher},
  booktitle  = {Proc. 8th System Analysis and Modelling Conf. (SAM'14)},
  title      = {Proc. 8th System Analysis and Modelling Conf. (SAM'14)},
  year       = 2014,
}

@PhDThesis{Williams13,
  author = {James R. Williams},
  title  = {A Novel Representation for Search-Based Model-Driven Engineering},
  type   = {PhD thesis},
  school = {University of York},
  year   = 2013,
}

@InProceedings{Drago+10,
  author    = {Mauro Luigi Drago and Raffaela Mirandola and Carlo Ghezzi},
  title     = {{QVTR$^2$}: a Rational and Performance-aware Extension to the Relations Language},
  booktitle = {Proc. 3rd Int'l Workshop on Non-functional Properties in Domain-Specific Modelling Languages (NFPinDSML'10)},
  year      = 2010,
}

@Proceedings{Proc_MODELS11,
  editor    = {Jon Whittle and Tony Clark and Thomas K{\"u}hne},
  title     = {Proc. 14th Int'l Conf. Model Driven Engineering Languages and Systems (MODELS 2011)},
  booktitle = {Proc. 14th Int'l Conf. Model Driven Engineering Languages and Systems (MODELS 2011)},
  publisher = {Springer},
  series    = {Lecture Notes in Computer Science},
  volume    = 6981,
  year      = 2011,
  isbn      = {978-3-642-24484-1},
}

@Proceedings{Proc_ICMT09,
  editor    = {Richard F. Paige},
  booktitle = {Proc. 2nd Int'l Conf. on Theory and Practice of Model Transformations (ICMT'09)},
  title     = {Proc. 2nd Int'l Conf. on Theory and Practice of Model Transformations (ICMT'09)},
  series    = {Lecture Notes in Computer Science},
  publisher = {Springer-Verlag}, 
  volume    = 5563,
  year      = 2009,
  isbn      = {978-3-642-02408-5},
}

@Proceedings{Proc_ECMDAFA09,
  editor    = {Richard F. Paige and Alan Hartman and Arend Rensink},
  title     = {Proc. 5th European Conf. on Model Driven Architecture -- Foundations and Applications (ECMDA-FA'09)},
  booktitle = {Proc. 5th European Conf. on Model Driven Architecture -- Foundations and Applications (ECMDA-FA'09)},
  doi       = {10.1007/978-3-642-02674-4},
  isbn      = {978-3-642-02673-7},
  publisher = {Springer},
  series    = {Lecture Notes in Computer Science},
  volume    = 5562,
  year      = 2009,
}

@Proceedings{Proc_ECMFA12,
  editor     = {Antonio Vallecillo and Juha-Pekka Tolvanen and Ekkart Kindler and Harald St{\"o}rrle and Dimitris Kolovos},
  title      = {Proc. 8th European Conf. on Modelling Foundations and Applications (ECMFA'12)},
  booktitle  = {Proc. 8th European Conf. on Modelling Foundations and Applications (ECMFA'12)},
  publisher  = {Springer},
  series     = {LNCS},
  volume     = 7349,
  year       = 2012,
  isbn       = {978-3-642-31491-9},
}

